<?xml version="1.0" encoding="UTF-8"?><record xmlns="http://www.loc.gov/MARC21/slim" xmlns:cinclude="http://apache.org/cocoon/include/1.0" xmlns:zs="http://www.loc.gov/zing/srw/">
  <leader>01738cz  a2200205n  4500</leader>
  <controlfield tag="001">no 97058356 </controlfield>
  <controlfield tag="003">DLC</controlfield>
  <controlfield tag="005">19990122052439.4</controlfield>
  <controlfield tag="008">971006n| acannaab|          |a ana     c</controlfield>
  <datafield tag="010" ind1=" " ind2=" ">
    <subfield code="a">no 97058356 </subfield>
  </datafield>
  <datafield tag="035" ind1=" " ind2=" ">
    <subfield code="a">(OCoLC)oca04466622 </subfield>
  </datafield>
  <datafield tag="040" ind1=" " ind2=" ">
    <subfield code="a">DGPO</subfield>
    <subfield code="c">DGPO</subfield>
  </datafield>
  <datafield tag="110" ind1="1" ind2="0">
    <subfield code="a">United States.</subfield>
    <subfield code="b">Rural Housing Service</subfield>
  </datafield>
  <datafield tag="410" ind1="1" ind2="0">
    <subfield code="a">United States.</subfield>
    <subfield code="b">Rural Development.</subfield>
    <subfield code="b">Rural Housing Service</subfield>
  </datafield>
  <datafield tag="510" ind1="1" ind2="0">
    <subfield code="w">a</subfield>
    <subfield code="a">United States.</subfield>
    <subfield code="b">Rural Housing and Community Development Service</subfield>
  </datafield>
  <datafield tag="670" ind1=" " ind2=" ">
    <subfield code="a">Building dreams, the mutual self-help housing program, 1997:</subfield>
    <subfield code="b">t.p. (USDA Rural Development, Rural Housing Service)</subfield>
  </datafield>
  <datafield tag="670" ind1=" " ind2=" ">
    <subfield code="a">Phone call by Lib. of Cong., to Office of Undersecretary, Rural Development, 09-16-97</subfield>
    <subfield code="b">(Rural Development was formerly called Rural Economic and Community Development; name changed in 1994, but was still not completely in effect in 1996; Rural Development is subdivided into 3 agencies or "mission areas": Rural Housing Service (responsible for the portion of the activities of the former Farmers Home Administration taken over by the former Rural and Economic Community Development), Rural Utilities Service, and Rural Business Service)</subfield>
  </datafield>
  <datafield tag="670" ind1=" " ind2=" ">
    <subfield code="a">Carroll's fed. dir., March/Apr. 1996</subfield>
    <subfield code="b">(Department of Agriculture; Rural Economic and Community Development, Under Secretary; Rural Housing [and] Community Development Services, Administrator)</subfield>
  </datafield>
  <datafield tag="670" ind1=" " ind2=" ">
    <subfield code="a">Carroll's fed. dir., Nov./Dec. 1996</subfield>
    <subfield code="b">(Department of Agriculture; Rural Development, Under Secretary; Rural Housing Services, Administrator)</subfield>
  </datafield>
  <datafield tag="670" ind1=" " ind2=" ">
    <subfield code="a">Fed. register, 7 May 1997, accessed online, 21 Jan. 1999:</subfield>
    <subfield code="b">at top, at "Summary" (The Rural Housing Service, formerly Rural Housing and Community Development Service, a successor agency to the Farmers Home Administration)</subfield>
  </datafield>
</record>